<?xml version="1.0" encoding="UTF-8"?><record xmlns="http://www.loc.gov/MARC21/slim" xmlns:cinclude="http://apache.org/cocoon/include/1.0" xmlns:zs="http://www.loc.gov/zing/srw/">
  <leader>00539cz  a2200169n  4500</leader>
  <controlfield tag="001">n 2006090867</controlfield>
  <controlfield tag="003">DLC</controlfield>
  <controlfield tag="005">20080201075716.0</controlfield>
  <controlfield tag="008">061130n| acannaabn          |n ana      </controlfield>
  <datafield tag="010" ind1=" " ind2=" ">
    <subfield code="a">n 2006090867</subfield>
  </datafield>
  <datafield tag="035" ind1=" " ind2=" ">
    <subfield code="a">(OCoLC)oca07267690</subfield>
  </datafield>
  <datafield tag="040" ind1=" " ind2=" ">
    <subfield code="a">DLC</subfield>
    <subfield code="b">eng</subfield>
    <subfield code="c">DLC</subfield>
    <subfield code="d">OCoLC</subfield>
  </datafield>
  <datafield tag="043" ind1=" " ind2=" ">
    <subfield code="a">a-cc-ho</subfield>
  </datafield>
  <datafield tag="151" ind1=" " ind2=" ">
    <subfield code="a">Zhecheng Xian (China)</subfield>
  </datafield>
  <datafield tag="670" ind1=" " ind2=" ">
    <subfield code="a">Henan Sheng Zhecheng Xian di ming zhi, 1994:</subfield>
    <subfield code="b">t.p. (Zhecheng Xian)</subfield>
  </datafield>
  <datafield tag="670" ind1=" " ind2=" ">
    <subfield code="a">GEOnet, Nov. 30, 2006:</subfield>
    <subfield code="b">(Zhecheng Xian--ADM3 34°06ʹ00ʺN 115°21ʹ00ʺE; in Henan Sheng)</subfield>
  </datafield>
  <datafield tag="781" ind1=" " ind2="0">
    <subfield code="z">China</subfield>
    <subfield code="z">Zhecheng Xian</subfield>
  </datafield>
</record>